@ARTICLE{Antos2008,
  author = {A. Antos and C. Szepesvari and R. Munos},
  title = {Learning near-optimal policies with Bellman-residual minimization
	based fitted policy iteration and a single sample path},
  journal = {Machine Learning},
  year = {2008},
  volume = {71},
  pages = {89-129},
  issn = {0885-6125},
  issue = {1},
  owner = {love2},
  publisher = {Springer Netherlands},
  timestamp = {2012.09.04}
}

@book{arrow1958studies,
  title={Studies in Linear and Non-linear Programming},
  author={Arrow, K.J.},
  lccn={58013532},
  year={1958},
  publisher={Stanford University Press}
}


@incollection{Baird95residualalgorithms,
    author = {L. Baird},
    title = {Residual Algorithms: Reinforcement Learning with Function Approximation},
    booktitle = {{\em Proc.} Int. Conf. on Machine Learning},
    year = {Tahoe City, CA, USA, 1995},
    pages = {30--37},
    publisher = {Morgan Kaufmann},
   editor    = {A. Prieditis and S. J. Russell},
}

@article{Benzi2005,
author = {M. Benzi and G. H. Golub and J. Liesen},
title = {Numerical solution of saddle point problems},
journal = {Acta Numerica},
volume = {14},
year = {2005},
issn = {1474-0508},
pages = {1--137},
numpages = {137},
doi = {10.1017/S0962492904000212}
}

@book{bernstein2005matrix,
  title={Matrix Mathematics: Theory, Facts, And Formulas With Application To Linear Systems Theory},
  author={Bernstein, D.S.},
  isbn={9780691118024},
  lccn={2004048903},
  year={2005},
  publisher={Princeton University Press}
}

@INPROCEEDINGS{Bertsekas2009Unific, 
  author={D.. P. Bertsekas}, 
  booktitle={IEEE Symp. on Adaptive Dynamic Programming and Reinforcement Learning.}, 
  title={A unified framework for temporal difference methods}, 
  year={2009}, 
  month={April}, 
  volume={}, 
  number={}, 
  pages={1 -7}, 
  ISSN={},
}

@ARTICLE{Bertsekas2011, 
  author={Bertsekas, D.P.}, 
  journal={IEEE Transactions on Automatic Control}, 
  title={Temporal Difference Methods for General Projected Equations}, 
  year={2011}, 
  month={sept. }, 
  volume={56}, 
  number={9}, 
  pages={2128 -2139}, 
  ISSN={0018-9286},
}

@article{Bertsekas2009,
  title = "Projected equation methods for approximate solution of large linear systems",
  author = "D. P. Bertsekas and H. Yu",
  journal = "Journal of Computational and Applied Mathematics",
  volume = "227",
  number = "1",
  pages = "27 - 50",
  year = "2009",
  issn = "0377-0427",
}

@BOOK{bertsekas2012dynamic,
  title = {{Dynamic Programming and Optimal Control}},
  author = {D. P. Bertsekas},
  publisher = {Athena Scientific},
  volume = {2},
  edition = {4th},
  year = {2012},
}

@BOOK{Bertsekas1996NDP,
  title = {Neuro-Dynamic Programming},
  publisher = {Athena Scientific},
  year = {1996},
  author = {Bertsekas, D. P. and Tsitsiklis, J. N.},
  edition = {1st},
  isbn = {1886529108},
  owner = {love2},
  timestamp = {2012.08.25}
}

@article{Bhatnagar2011472,
title = {{The Borkar-Meyn theorem for asynchronous stochastic approximations}},
journal = "Systems and Control Letters",
author = "S. Bhatnagar",
volume = "60",
number = "7",
pages = "472 - 478",
year = "2011",
note = "",
issn = "0167-6911"
}


@incollection{Boots11a,
  author    = {B. Boots and
               G. J. Gordon},
  title     = {Predictive State Temporal Difference Learning},
  booktitle = {Advances in Neural Information Processing Systems 23},
  year      = {2010},
  pages     = {271-279},
  crossref  = {DBLP:conf/nips/2010}
}
@proceedings{DBLP:conf/nips/2010,
  editor    = {J. D. Lafferty and
               C. K. I. Williams and
               J. Shawe-Taylor and
               R. S. Zemel and
               A. Culotta},
  publisher = {Curran Associates, Inc.},
}

@ARTICLE{Borkar99theode,
    author = {V. S. Borkar and S.P. Meyn},
    title = {{The O.D.E. method for convergence of stochastic approximation and reinforcement learning}},
    journal = {SIAM J. Control Optim},
    year = {1999},
    volume = {38},
    pages = {447--469}
}

@BOOK{borkar2008stochastic,
  title = {Stochastic Approximation: A Dynamical Systems Viewpoint},
  publisher = {Cambridge University Press},
  year = {2008},
  author = {Borkar, V.S.},
  owner = {love2},
  timestamp = {2012.07.30}
}


@INPROCEEDINGS{Boyan02LSTD,
  author = {J. A. Boyan},
  title = {Technical update: Least-squares temporal difference learning},
  booktitle = {Machine Learning},
  year = {2002},
  pages = {233--246},
  owner = {love2},
  timestamp = {2012.09.04}
}

@book{boyd2004convex,
  title={Convex Optimization},
  author={Boyd, S.P. and Vandenberghe, L.},
  isbn={9780521833783},
  lccn={03063284},
  year={2004},
  publisher={Cambridge University Press}
}

@article{Bradtke1996rlstd,
title={Linear Least-Squares algorithms for temporal difference learning},
author={S. Bradtke and A. Barto},
year={1996},
issn={0885-6125},
journal={Machine Learning},
volume={22},
number={1-3},
publisher={Kluwer Academic Publishers},
pages={33-57},
}

@incollection{busoniu_multi-agent_2010,
	title = {Multi-agent Reinforcement Learning: An Overview},
	author = {Busoniu, L. and Babuska, R. and Schutter, B. D.},
	series = {Studies in Computational Intelligence},
	isbn = {978-3-642-14434-9, 978-3-642-14435-6},
	shorttitle = {Multi-agent Reinforcement Learning},
	volume = {310},
	booktitle = {Innovations in Multi-Agent Systems and Applications - 1},
	publisher = {Springer Berlin Heidelberg},
	editor = {Srinivasan, D. and Jain, L. C.},
	month = jan,
	year = {2010},
	pages = {183--221}
}

@ARTICLE{Cattivelli2010,
  author = {Cattivelli, F. S. and Sayed, A. H.},
  title = {{Diffusion LMS Strategies for Distributed Estimation}},
  journal = {IEEE Transactions on Signal Processing},
  year = {2010},
  volume = {58},
  pages = {1035--1048},
  number = {3}
}

@article{Chen2012a,
  author = {Chen, J. and Sayed, A. H.},
  title = {{Diffusion adaptation strategies for distributed optimization and learning over networks}},
  journal = {IEEE Transactions on Signal Processing},
  year = {2012},
  volume = {60},
  pages = {4289--4305},
  number = {8},
  month = {Aug.}
}

@INPROCEEDINGS{Chen2012b,
	author={J. Chen and Sayed, A.H.},
	booktitle={{\em Proc.} Annual Allerton Conference on Communication, Control, and Computing},
	title={On the limiting behavior of distributed optimization strategies},
	year={Monticello, IL, USA, 2012},
	pages={1535-1542},
	crossref  = {DBLP:conf/allerton/2012},
}
@proceedings{DBLP:conf/allerton/2012,
  publisher = {IEEE},
  isbn      = {978-1-4673-4537-8},
}





@article{Chen2013a_distributed,
  author = {Chen, J. and Sayed, A. H.},
	title = {Distributed {Pareto} Optimization via Diffusion Strategies},
	volume = {7},
	issn = {1932-4553, 1941-0484},
	doi = {10.1109/JSTSP.2013.2246763},
	number = {2},
	urldate = {2013-09-11},
	journal = {{IEEE} Journal of Selected Topics in Signal Processing},
	month = apr,
	year = {2013},
	pages = {205--220}
}


@article{cogill2016analysis,
  title={An Analysis of Primal-Dual Algorithms for Discounted Markov Decision Processes},
  author={Cogill, Randy},
  journal={arXiv preprint arXiv:1601.04175},
  year={2016}
}

@inproceedings{Degris2012,
	author = {T. Degris and J. Modayil},
	title = {Scaling-up Knowledge for a Cognizant Robot},
	booktitle = {{\rm Notes} AAAI Spring Symposium Series},
	year = {2012}
}


@article{deFarias2003linear,
  title={The linear programming approach to approximate dynamic programming},
  author={de Farias, Daniela Pucci and Van Roy, Benjamin},
  journal={Operations Research},
  volume={51},
  number={6},
  pages={850--865},
  year={2003},
  publisher={INFORMS}
}

@article{Diaconis2011Mathematics,
  title={The mathematics of mixing things up},
  author={P. Diaconis },
  journal={Journal of Statistical Physics},
  volume={144},
  number={3},
  pages={445--458},
  year={2011},
  publisher={Springer}
}

@book{Filar2012Competitive,
  title={Competitive Markov Decision Processes},
  author={J. Filar  and K. Vrieze},
  isbn={9780387948058},
  lccn={96015535},
  year={1996},
  publisher={Springer}
}

@inproceedings {Geist2011,
  author = {M. Geist and O. Pietquin},
  title = {{Parametric Value Function Approximation: a Unified View}},
  booktitle = {{\em Proc.} IEEE Symp. on Adaptive Dynamic Programming
	and Reinforcement Learning},
  year = {Paris, France, 2011}
}

@book{folub1996matrix,
  title={Matrix Computations},
  author={Golub, G.H. and Van Loan, C.F.},
  isbn={9780801854149},
  lccn={96014291},
  series={Johns Hopkins Studies in the Mathematical Sciences},
  url={http://books.google.es/books?id=mlOa7wPX6OYC},
  year={1996},
  publisher={Johns Hopkins University Press}
}

@article{hastings_monte_1970,
	title = {Monte Carlo Sampling Methods Using {Markov} Chains and Their Applications},
	volume = {57},
	issn = {0006-3444},
	number = {1},
	urldate = {2013-10-22},
	journal = {Biometrika},
	author = {Hastings, W. K.},
	month = apr,
	year = {1970},
	pages = {97--109}
}

@incollection{hoffman2012regularized,
  title={Regularized Least Squares Temporal Difference Learning with Nested ℓ2 and ℓ1 Penalization},
  author={M. W. Hoffman and A. Lazaric and M. Ghavamzadeh and R. Munos},
  booktitle={Recent Advances in Reinforcement Learning},
  pages={102--114},
  year={2012},
  publisher={Springer}
}

@book{horn1990matrix,
  title={Matrix Analysis},
  author={Horn, R.A. and Johnson, C.R.},
  isbn={9780521386326},
  lccn={lc85007736},
  year={1990},
  publisher={Cambridge University Press}
}

@ARTICLE{Kar2012,
  author = {S. Kar and J. M. F. Moura and H. V. Poor},
  title = {{QD}-Learning: A Collaborative Distributed Strategy for Multi-Agent Reinforcement Learning Through Consensus + Innovations},
  year={2013}, 
  journal={IEEE Transactions on Signal Processing}, 
  volume={61}, 
  number={7}, 
  pages={1848-1862}, 
  ISSN={1053-587X}
}





@incollection{kolter2009regularization,
 author = {Kolter, J. Z. and Ng, A. Y.},
 title = {Regularization and feature selection in least-squares temporal difference learning},
 booktitle = {{\em Proc.} Int. Conf. on Machine Learning},
 year = {Montreal, Quebec, Canada, 2009},
 isbn = {978-1-60558-516-1},
 pages = {521--528},
 editor =    {L. Bottou and M. Littman},
 publisher = {Omnipress}
} 





@incollection{Kolter2011,
  author    = {J. Zico Kolter},
  title     = {The Fixed Points of Off-Policy TD},
  booktitle = {{\em Proc.} Advances in Neural Information Processing Systems 24},
  year      = {Granada, Spain, 2011},
  pages     = {2169-2177},
  crossref  = {DBLP:conf/nips/2011},
}
@proceedings{DBLP:conf/nips/2011,
  editor    = {J. Shawe-Taylor and
               R. S. Zemel and
               P. L. Bartlett and
               F. C. N. Pereira and
               K. Q. Weinberger}
}





@ARTICLE{Lagoudakis2003,
  author = {M. G. Lagoudakis and R. Parr},
  title = {Least-Squares Policy Iteration},
  journal = {Journal of Machine Learning Research},
  year = {2003},
  volume = {4},
  pages = {1107-1149},
  owner = {love2},
  timestamp = {2012.09.04}
}

@book{Laub2005matrix,
  title={Matrix Analysis for Scientists and Engineers},
  author={Laub, A.J.},
  isbn={9780898715767},
  lccn={2004059962},
  year={2005},
  publisher={SIAM, PA}
}

@incollection{Littman01predictiverepresentations,
    author = {M.l L. Littman and R. S. Sutton and S. Singh},
    title = {Predictive Representations of State},
    booktitle = {{\em Pro.} Advances In Neural Information Processing Systems 14},
	year      = {Vancouver, British Columbia, Canada, 2001},
    pages = {1555--1561},
    crossref  = {DBLP:conf/nips/2001},
}
@proceedings{DBLP:conf/nips/2001,
  editor    = {T. G. Dietterich and
               S. Becker and
               Z. Ghahramani},
  publisher = {MIT Press},
}



@ARTICLE{Lopes2008,
  author = {Lopes, C.G. and Sayed, A.H.},
  title = {Diffusion Least-Mean Squares Over Adaptive Networks: Formulation
	and Performance Analysis},
  journal = {IEEE Transactions on Signal Processing},
  year = {2008},
  volume = {56},
  pages = {3122 -3136},
  number = {7},
  month = {july },
  doi = {10.1109/TSP.2008.917383},
  issn = {1053-587X},
  keywords = {adaptive network performance analysis;diffusion protocol;least mean-square
	error;peer-to-peer protocol;least mean squares methods;peer-to-peer
	computing;performance evaluation;protocols;},
  owner = {love2},
  timestamp = {2012.09.03}
}

@INPROCEEDINGS{Macua2012cip, 
author={Macua, S.V. and Belanovic, P. and Zazo, S.}, 
booktitle={{\em Proc.} Int. Workshop on Cognitive Information Processing}, 
title={Diffusion gradient temporal difference for cooperative reinforcement learning with linear function approximation}, 
year={Baiona, Spain, 2012}, 
pages={1--6}, 
}

@incollection{Maei2009Smooth,
  title={Convergent temporal-difference learning with arbitrary smooth function approximation},
  author={Maei, H. R. and Szepesvari, C. and Bhatnagar, S. and Precup, D. and Silver, D. and Sutton, R. S.},
  booktitle={{\em Proc.} Advances in Neural Information Processing Systems 22},
  pages={1204--1212},
  year      = {Vancouver, British Columbia, Canada, 2009},
  editor    = {Y. Bengio and D. Schuurmans and J. D. Lafferty and C. K. I. Williams and A. Culotta},
  publisher = {Curran Associates, Inc.}
  }






@inproceedings{maei_gq_2010,
	title = {{GQ}($\lambda$): A general gradient algorithm for temporal-difference prediction learning with eligibility traces},
	volume = {1},
	shorttitle = {{GQ}($\lambda$)},
	urldate = {2013-09-05},
	booktitle = {{\em Proc.} of the Third Conference on Artificial General Intelligence},
	author = {Maei, H. R. and Sutton, R. S.},
	year = {Lugano, Switzerland, 2010},
	pages = {91--96}
}

@PHDTHESIS{Maei2011,
  author = {Maei, H. R.},
  title = {{Gradient Temporal-Difference Learning Algorithms}},
  school = {University of Alberta},
  year = {2011},
  booktitle = {Machine Learning},
  owner = {love2},
  timestamp = {2012.07.30}
}

@book{mahadevan2009learning,
  title={Learning Representation and Control in Markov Decision Processes},
  author={S. Mahadevan},
  volume={1},
  number={4},
  year={2009},
  publisher={Now Pub}
}

@ARTICLE{Menache05basisfunction,
    author = {I. Menache and S. Mannor and N. Shimkin},
    title = {Basis function adaptation in temporal difference reinforcement learning},
    journal = {Annals of Operations Research},
    year = {2005},
    volume = {134},
    pages = {215--238}
}

@incollection{Modayil2012Nexting,
	author={J. Modayil and A. White and R. S. Sutton},
	title={Multi-timescale Nexting in a Reinforcement Learning Robot},
	year={2012},
	booktitle={From Animals to Animats 12},
	volume={7426},
	series={Lecture Notes in Computer Science},
	editor={Ziemke, T. and Balkenius, C. and Hallam, J.},
	publisher={Springer Berlin Heidelberg},
	pages={299-309},
	isbn={978-3-642-33092-6},
}

@INPROCEEDINGS{Modayil2012Acquiring, 
	author={Modayil, J. and  White, A. and Pilarski, P. M. and Sutton, R. S.}, 
	title={Acquiring a broad range of empirical knowledge in real time by temporal-difference learning}, 
	booktitle={{\em Proc.} IEEE Int. Conf. Systems, Man, and Cybernetics}, 
	year={Seoul, Korea, 2012}, 
	volume={}, 
	number={}, 
	pages={-}, 
}


@ARTICLE{Nedic02leastsquares,
  author = {A. Nedic and D. P. Bertsekas},
  title = {Least Squares Policy Evaluation Algorithms With Linear Function Approximation},
  journal = {Theory and Applications},
  year = {2002},
  volume = {13},
  pages = {79--110},
  owner = {love2},
  timestamp = {2012.08.19}
}

@ARTICLE{Olfati04a,
	title={{Consensus problems in networks of agents with switching topology and time-delays}},
	author={Olfati-Saber, R. and Murray, R.M.},
	journal={{IEEE Transactions on Automatic Control}},
	month={Sep},
	volume={49},
	issue={9},
	pages={1520-1533},
	year={2004}
}

@incollection{Parr2008,
   author = {R. Parr and L. Li and G. Taylor and C. Painter-Wakefield and M. Littman},
   title = {An analysis of linear models, linear value-function approximation, and feature selection for reinforcement learning},
   booktitle = {{\em Proc.} Int. Conf. on Machine Learning},
   location = {Helsinki, Finland},
   editor = {A. McCallum and S. Roweis},
   publisher = {Omnipress},
   year = {Helsinki, Finland, 2008},
   pages = {752--759}
}

@book{poliak1987introduction,
  title={Introduction to Optimization},
  author={Poliak, B.T.},
  isbn={9780911575149},
  lccn={87011290},
  year={1987},
  publisher={Optimization Software Inc.}
}

@book{Powell2011Approximate,
  title={Approximate Dynamic Programming: Solving the Curses of Dimensionality},
  author={Powell, W.B.},
  isbn={9781118029169},
  lccn={2010047227},
  series={Wiley Series in Probability and Statistics},
  url={http://books.google.com/books?id=RS53Dyx8wcUC},
  year={2011},
  publisher={Wiley}
}

@incollection{Precup01offpolicy,
    author = {D. Precup and R. S. Sutton and S. Dasgupta},
    title = {Off-policy temporal-difference learning with function approximation},
    booktitle = {{\em Proc.} Int. Conf. on Machine Learning},
    year = {Williamstown, MA, USA, 2001},
    pages = {417--424},
	crossref  = {DBLP:conf/icml/2001},
}
@proceedings{DBLP:conf/icml/2001,
  editor    = {C. E. Brodley and
               A. Pohoreckyj Danyluk},
  publisher = {Morgan Kaufmann},
  year      = {2001},
  isbn      = {1-55860-778-1},
}






@book{Puterman1994,
    author = {Puterman, M. L.},
    edition = {1st},
    isbn = {0471619779},
    publisher = {John Wiley \& Sons, Inc.},
    title = {{Markov Decision Processes: Discrete Stochastic Dynamic Programming}},
    year = {1994}
}

@book{Ripley1987stochasticSimulation,
title = {Stochastic Simulation},
author = {B. D. Ripley},
year = {1987},
publisher = {Wiley},
isbn = {0471818844,9780471818847}
}

@BOOK{Sayed2008,
  title = {{Adaptive Filters}},
  publisher = {John Wiley \& Sons},
  year = {2008},
  author = {Sayed, A. H.},
  isbn = {978-0-470-25388-5},
  owner = {love2},
  timestamp = {2012.09.07}
}

@INCOLLECTION{SayedChapter2012,
  author = {A. H. Sayed},
  title = {Diffusion Adaptation over Networks},
  booktitle = {{\em Academic Press Library in Signal Processing}},
  volume = {4},
  publisher = {Elsevier},
  year = {2013. Also available as arXiv:1205.4220v1, May 2012.},
  editor = {Chellapa, R. and Theodoridis, S.},
  owner = {love2},
  timestamp = {2012.07.30}
}

@ARTICLE{Sayed2013SPMagazine, 
author={Sayed, A.H. and Sheng-Yuan Tu and J. Chen and X. Zhao and Towfic, Z.J.}, 
journal={Signal Processing Magazine, IEEE}, 
title={Diffusion strategies for adaptation and learning over networks: an examination of distributed strategies and network behavior}, 
year={2013}, 
volume={30}, 
number={3}, 
pages={155-171}, 
ISSN={1053-5888}
}

@incollection{Scherrer2010,
  author =    {B. Scherrer},
  title =     {Should one compute the Temporal Difference fix point or minimize the {Bellman} Residual? The unified oblique projection view},
  booktitle = {{\em Proc.} Int. Conf. on Machine Learning},
  pages =     {959--966},
  year =      {Haifa, Israel, 2010},
  editor =    {J. Furnkranz and T. Joachims},
  publisher = {Omnipress}
}

@incollection{Scherrer2012,
title={Recursive Least-Squares Learning with Eligibility Traces},
author={Scherrer, B. and Geist, M.},
year={2012},
isbn={978-3-642-29945-2},
booktitle={Recent Advances in Reinforcement Learning},
volume={7188},
series={Lecture Notes in Computer Science},
editor={Sanner, S. and Hutter, M.},
publisher={Springer Berlin Heidelberg},
pages={115-127}
}

@incollection{Schneider99distributedvalue,
  author = {J. Schneider and Weng-Keen Wong and A. Moore and M. Riedmiller},
  title = {Distributed Value Functions},
  booktitle = {{\em Proc.} Int. Conf. on Machine Learning},
  year = {Bled, Slovenia, 1999},
  pages = {371--378},
  editor    = {Ivan Bratko and
               Saso Dzeroski},
  publisher = {Morgan Kaufmann}
}





@incollection{schoknecht2002optimality,
  title={Optimality of reinforcement learning algorithms with linear function approximation},
  author={R. Schoknecht},
  booktitle={{\em Proc.} Advances in Neural Information Processing Systems 15},
  pages={1555--1562},
  year={Vancouver, British Columbia, Canada, 2002},
  crossref  = {DBLP:conf/nips/2002}
}
@proceedings{DBLP:conf/nips/2002,
  editor    = {S. Becker and
               S. Thrun and
               K. Obermayer},
  publisher = {MIT Press},
  isbn      = {0-262-02550-7},
}






@book{seneta2006non,
  title={Non-negative Matrices and Markov Chains},
  author={Seneta, E.},
  isbn={9780387297651},
  lccn={2005935207},
  year={2006},
  publisher={Springer}
}

@book{Si2004Handbook,
  title={Handbook of learning and approximate dynamic programming},
  author={Si, J. and Barto, A.G. and Powell, W.B.},
  isbn={9780471660545},
  lccn={2004303973},
  series={IEEE Press Series on Computational Intelligence},
  year={2004},
  publisher={IEEE Press}
}


@ARTICLE{Silver2012,
  author = {D. Silver and R. S. Sutton and M. M{\"u}ller},
  title = {Temporal-difference search in computer Go},
  journal = {Machine Learning},
  year = {2012},
  volume = {87},
  pages = {183-219},
  number = {2},
  owner = {love2},
  timestamp = {2012.08.16}
}

@inproceedings{silver2014deterministic,
  title={Deterministic policy gradient algorithms},
  author={Silver, David and Lever, Guy and Heess, Nicolas and Degris, Thomas and Wierstra, Daan and Riedmiller, Martin},
  booktitle = {{\em Proc.} {Int. Conf. on Machine Learning}},
  year = {Beijing, China, 2014}
}

@INPROCEEDINGS{Singh04predictivestate,
	author = {Satinder Singh and Michael R. James},
    title = {Predictive state representations: A new theory for modeling dynamical systems},
    booktitle = {{\em Proc.} Conf. on Uncertainty in Artificial Intelligence},
    year = {2004},
    pages = {512--519},
    publisher = {AUAI Press}
}


@book{stewart1990matrix,
  title={Matrix Perturbation Theory},
  author={Stewart, G. W. and J. G. Sun},
  isbn={9780126702309},
  lccn={lc90033378},
  year={1990},
  publisher={Academic Press}
}

@book{strang2007computational,
	title = {Computational Science and Engineering},
	isbn = {9780961408817},
	language = {en},
	publisher = {Wellesley-Cambridge Press},
	author = {Strang, Gilbert},
	year = {2007}
}

@BOOK{SuttonBarto1998,
  title = {{Reinforcement Learning: An Introduction}},
  publisher = {MIT Press},
  year = {1998},
  author = {Sutton, R. S. and Barto, A. G.},
  series = {Adaptive computation and machine learning},
  isbn = {9780262193986},
  lccn = {97026416},
  owner = {love2},
  timestamp = {2012.07.30}
}

@inproceedings{sutton1999policy,
  title={Policy Gradient Methods for Reinforcement Learning with Function Approximation.},
  author={Sutton, Richard S and McAllester, David A and Singh, Satinder P and Mansour, Yishay and others},
  booktitle = {{\em Proc.} Advances in Neural Information Processing Systems},
  volume={99},
  pages={1057--1063},
  year={1999}
}

@INPROCEEDINGS{Sutton2011Horde,
  author = {Sutton, R. S. and Modayil, J. and Delp, M. and Degris,
	T. and Pilarski, P. M. and White, A. and Precup, D.},
  title = {Horde: a scalable real-time architecture for learning knowledge from
	unsupervised sensorimotor interaction},
  booktitle = {{\rm Proc. } Int. Conf. on Autonomous Agents and Multiagent
	Systems, vol. 2},
  pages = {761--768},
  year = {Taipei, Taiwan, 2011},
}

@incollection{Sutton2008,
 title = {A convergent $O(n)$ temporal-difference algorithm for off-policy learning with linear function approximation},
 author = {R. S. Sutton and C. Szepesvari and H. R. Maei},
 booktitle = {{\em Proc.} Advances in Neural Information Processing Systems 21},
 pages = {1609--1616},
 year = {Vancouver, British Columbia, Canada, 2009},
 crossref  = {DBLP:conf/nips/2008}
}
@proceedings{DBLP:conf/nips/2008,
	editor = {D. Koller and D. Schuurmans and Y. Bengio and L. Bottou},
	publisher = {Curran Associates, Inc.},
}


@incollection{Sutton2009,
  author = {Sutton, R. S. and Maei, H. R. and Precup, D. and Bhatnagar, S. and
	Silver, D. and Szepesvari, C. and Wiewiora, E.},
  title = {{Fast gradient-descent methods for temporal-difference learning with
	linear function approximation}},
  booktitle = {{\em Proc.} {Int. Conf. on Machine Learning}},
  year = {Montreal, Quebec, Canada, 2009},
  pages = {993--1000},
  editor =    {L. Bottou and M. Littman},
  publisher = {Omnipress}
}

@BOOK{Szepesvari2009,
  title = {{Algorithms for Reinforcement Learning}},
  publisher = {Morgan \& Claypool Publishers},
  year = {2009},
  author = {Szepesvari, C.},
  series = {{Synthesis Lectures on Artificial Intelligence and Machine Learning}}
}

@article{Tsitsiklis1997,
	title = {An analysis of temporal-difference learning with function approximation},
	volume = {42},
	number = {5},
	urldate = {2013-09-04},
	journal = {Automatic Control, {IEEE} Transactions on},
	author = {Tsitsiklis, J. N. and Van Roy, B.},
	year = {1997},
	pages = {674–690}
}

@ARTICLE{Tu2011, 
  author={S.-Y. Tu and A. H. Sayed}, 
  title={Mobile Adaptive Networks}, 
  journal={Selected Topics in Signal Processing, IEEE Journal of}, 
  year={2011}, 
  volume={5}, 
  number={4}, 
  pages={649-664}, 
  ISSN={1932-4553}
}

@ARTICLE{Tu2012, 
  author={S.-Y. Tu and A. H. Sayed}, 
  journal={IEEE Transactions on Signal Processing}, 
  title={Diffusion Strategies Outperform Consensus Strategies for Distributed Estimation Over Adaptive Networks}, 
  year={2012}, 
  volume={60}, 
  number={12}, 
  pages={6217 -6234}, 
}

@ARTICLE{Tu2013, 
author={S.-Y. Tu and A. H. Sayed}, 
journal={Signal Processing, IEEE Transactions on}, title={On the Influence of Informed Agents on Learning and Adaptation Over Networks}, 
year={2013}, 
volume={61}, 
number={6}, 
pages={1339-1356}, 
ISSN={1053-587X}
}


@INPROCEEDINGS{Valcarcel2013,
  author = {S. V. Macua and  J. Chen and S. Zazo and A. H. Sayed},
  title = {Cooperative Off-Policy Prediction of {Markov} Decision Processes in Adaptive Networks},
  booktitle = {{\em Proc.} IEEE Int. Conf. on Acoustics, Speech, and Signal Processing},
  year = {Vancouver, British Columbia, Canada, 2013},
  pages = {4539-4543}
}



@incollection{Varshavskaya08DARS,
author={Varshavskaya, P. and Kaelbling, L. and Rus, D.},
title={Efficient Distributed Reinforcement Learning through Agreement},
year={2009},
isbn={978-3-642-00643-2},
booktitle={Distributed Autonomous Robotic Systems 8},
editor={H. Asama and H. Kurokawa and J. Ota and K. Sekiyama},
publisher={Springer Berlin Heidelberg},
pages={367-378}
}

@article{wang2008dual,
  title={Dual representations for dynamic programming},
  author={Wang, Tao and Lizotte, Daniel and Bowling, Michael and Schuurmans, Dale},
  journal={Journal of Machine Learning Research},
  pages={1--29},
  year={2008},
}

@ARTICLE{Xiao04a,
  author = {Lin Xiao and Stephen Boyd},
  title = {{Fast Linear Iterations for Distributed Averaging}},
  journal = {{Systems and Control Letters}},
  year = {2004},
  volume = {53},
  pages = {65--78}
}

@inproceedings{yu2009basis,
  title={Basis function adaptation methods for cost approximation in {MDP}},
  author={Yu, H. and Bertsekas, D. P.},
  booktitle={{\em Pro.} IEEE Symposium on Adaptive Dynamic Programming and Reinforcement Learning},
  pages={74--81},
  year={Nashville, TN, USA, 2009}
}


@incollection{Yu10,
  author = {H. Yu},
  title = {Convergence of Least Squares Temporal Difference Methods Under General Conditions},
  booktitle = {{\em Proc.} Int. Conf. on Machine Learning},
  year = {Haifa, Israel, 2010},
  pages = {1207-1214},
  publisher = {Omnipress},
  editor =    {J. Furnkranz and T. Joachims}
}

@article{zhao_performance_2012,
	title = {Performance Limits for Distributed Estimation Over {LMS} Adaptive Networks},
	volume = {60},
	issn = {1053-{587X}},
	doi = {10.1109/TSP.2012.2204985},
	number = {10},
	journal = {{IEEE} Transactions on Signal Processing},
	author = {Zhao, X. and Sayed, {A. H.}},
	year = {2012},
	pages = {5107--5124}
}