% Encoding: UTF-8

@Book{Boyd2004,
  title     = {Convex Optimization},
  publisher = {Cambridge University Press},
  year      = {2004},
  author    = {Stephen Boyd and Lieven Vandenberghe},
}

@Book{Puterman2005,
  title     = {Markov Decision Process: discrete stochastic dynamic programming},
  publisher = {John Wiley \& Sons},
  year      = {2005},
  author    = {Martin L. Puterman},
}

@Article{Wang2008,
  author  = {Tao Wang and Daniel Lizotte and Michael Bowling and Dale Schuurmans},
  title   = {Dual Representations for Dynamic Programming},
  journal = {Machine Learning Research},
  year    = {2008},
}

@Article{Sutton2000,
  author  = {Richard S. Sutton and David McAllester and Satinder Singh and Yishay Mansour},
  title   = {Policy Gradient Methods for Reinforcement Learning with Function Approximation},
  journal = {Advances in Neural Information Processing Systems},
  year    = {2000},
}

@Book{Arrow1958,
  title     = {Studies in Linear and Non-Linear Programming},
  publisher = {Stanford University Press},
  year      = {1958},
  author    = {Kenneth Joseph Arrow and Leonid Hurwicz},
  number    = {2},
  series    = {Stanford Mathematical Studies in the Social Sciences},
}

@Book{Bertsimas1997,
  title     = {Introduction to Linear Optimization},
  publisher = {Athena Scientific},
  year      = {1997},
  author    = {Dimitris Bertsimas, John N. Tsitsiklis},
  series    = {Athena Scientific Series in Optimization and Neural Computation, 6},
  isbn      = {9781886529199,1886529191},
}

@Article{Sayed2014,
  author     = {Sayed, Ali},
  title      = {Adaptation, Learning, and Optimization over Networks},
  journal    = {Found. Trends Mach. Learn.},
  year       = {2014},
  volume     = {7},
  number     = {4-5},
  pages      = {311--801},
  month      = jul,
  issn       = {1935-8237},
  acmid      = {2693108},
  address    = {Hanover, MA, USA},
  issue_date = {July 2014},
  keywords   = {Adaptive networks, Centralized processing, Consensus strategies, Constrained optimization, Cooperative processing, Diffusion strategies, Distributed optimization, Distributed stochastic-gradient algorithms, Fusion-based processing, Gossip strategies, Incremental strategies, Multi-agent adaptation, Multi-agent learning, Multi-agent optimization, Stochastic-gradient algorithms},
  numpages   = {491},
  publisher  = {Now Publishers Inc.},
}

@Book{Sutton98a,
  title     = {Reinforcement Learning : An Introduction},
  publisher = {MIT Press},
  year      = {1998},
  author    = {Richard S. Sutton and Andrew G. Barto},
  annote    = {SIGNATUR = 748.571},
  keywords  = {NEURAL NETWORKS},
}

@Article{Chen2016,
  author    = {Yichen Chen and Mengdi Wang},
  title     = {Stochastic Primal-Dual Methods and Sample Complexity of Reinforcement Learning},
  journal   = {CoRR},
  year      = {2016},
  volume    = {abs/1612.02516},
  timestamp = {Mon, 02 Jan 2017 11:09:15 +0100},
}

@Article{Boyd2011,
  author     = {Boyd, Stephen and Parikh, Neal and Chu, Eric and Peleato, Borja and Eckstein, Jonathan},
  title      = {Distributed Optimization and Statistical Learning via the Alternating Direction Method of Multipliers},
  journal    = {Found. Trends Mach. Learn.},
  year       = {2011},
  volume     = {3},
  number     = {1},
  pages      = {1--122},
  month      = jan,
  issn       = {1935-8237},
  acmid      = {2185816},
  address    = {Hanover, MA, USA},
  issue_date = {January 2011},
  numpages   = {122},
  publisher  = {Now Publishers Inc.},
}

@Comment{jabref-meta: databaseType:bibtex;}
